%Bibtex tietoja voi kopioida lähdeluetteloon esimerkiksi LUT-Primosta tai Google Scholarista

@article{wp3.1,
    title={Report on Physical Process Data Modeling},
    author={Daniel Gutiérrez Rojas and Pedro Nardelli and Charalampos Kalalas and Constantinos Papadias},
    journal={Framework for the Identification of Rare Events via MAchine learning and IoT Networks
    },
    howpublished = {\url{https://fireman-project.eu/attachments/article/18/FIREMAN_Deliverable_D3_1\%20(5).pdf}},
    year={2020}
}
@article{wp3.2,
    title={Design and Functional Architecture for Data Acquisition},
    author={Daniel Gutiérrez Rojas and Pedro Nardelli and Charalampos Kalalas and Ioannis Christou and Constantinos Papadias},
    journal={Framework for the Identification of Rare Events via MAchine learning and IoT Networks
    },
    howpublished = {\url{https://fireman-project.eu/attachments/article/18/FIREMAN_Deliverable_D3_2\%20(4).pdf}},
    year={2020}
}
@article{wp4.1,
    title={Initial Results on Heterogeneous Big Data Aggregation},
    author={Jean Michel de Souza Sant'Ana and Nelson Mayedo Rodriguez and Eslam Eldeeb and Hirley Alves and Mehar Ullah and Pedro Juliano Nardelli and Charalampos Kalalas and Merim Dzaferagic},
    journal={Framework for the Identification of Rare Events via MAchine learning and IoT Networks
    },
    howpublished = {\url{https://fireman-project.eu/attachments/article/23/FIREMAN_Deliverable_D4_1\%20(1).pdf}},
    year={2020}
}
@article{wp5.1,
    title={Initial Results on Detection and Predicition Techniques},
    author={Ioannis T. Christou and Daniel Gutierrez-Rojas and Pedro Nardelli and Pavol Mulinka and Merim Dzaferagic and Irene Macaluso},
    journal={Framework for the Identification of Rare Events via MAchine learning and IoT Networks
    },
    howpublished = {\url{https://fireman-project.eu/attachments/article/24/FIREMAN_Deliverable_D5_1__Copy_.pdf}},
    year={2020}
}
@inproceedings { three-layer-approach-to-detect-anomalies-in-industrial-environments-based-on-machine-learning,
	author = {D. Gutierrez-Rojas and M. Ullah and I. T. Christou and G. Almeida and P. H. J. Nardelli and D. Carrillo and J. M. Sant'Ana and H. Alves and M. Dzaferagic and A. Chiumento and C. Kalalas},
	title = {{Three-layer Approach to Detect Anomalies in Industrial Environments based on Machine Learning}},
	year = {2020},
	month = jun,
}
@article{massive-machine,
    title={Toward Massive Machine Type Cellular Communications},
    author={Zaher Dawy and Walid Saad and Arunabha Ghosh and Jeffrey G. Andrews and Elias Yaacoub},
    journal={IEEE Wirel. Commun.},
    volume={vol. 24, no. 1, pp. 120-128},
    year={2017}
}
@article{compression,
    title={Compressed sensing signal and data acquisition in wireless sensor networks and internet of things},
    author={Shancang Li and Li Da Xu and Xinheng Wang},
    journal={IEEE Transactions On Industrial Informatics},
    year={2013}
}
@article{tennessee-eastman-model,
    title={Implementations of the Tennessee Eastman Process in Modelica},
    author={Carla Martin-Villalba and Alfonzo Urquia and Guodong Shao},
    journal={National Institute of Standards and Technology },
    howpublished = {\url{https://www.nist.gov/publications/implementations-tennessee-eastman-process-modelica#:~:text=The\%20Tennessee\%20Eastman\%20process\%20is,a\%20compressor\%2C\%20and\%20a\%20mixer.}},
    year={2018}
}
@article{black-box-explainability,
    title={On the Explainability of Black Box Data-Driven Controllers for Power Electronic Converters},
    author={Subham Sahoo and Huai Wang and Frede Blaabjerg},
    journal={IEEE-ECCE },
    howpublished = {\url{https://arxiv.org/pdf/1412.6572.pdf}},
    year={2021}
}
@article{explaining-adversarial-examples,
    title={Explaining and Harnessing Adversarial Examples},
    author={Ian J. Goodfellow and Jonathon Shlens and Christian Szegedy},
    journal={ICLR },
    year={2015}
}
@article{anomalies-detection-isolation,
    title={Anomalies Detection Using Isolation in Concept-Drifting Data Streams},
    author={Maurras Ulbricht Togbe and Yousra Chabchoub and Aliou Boly and Mariam Barry and Raja Chiky and Maroua Bahri},
    journal={MDPI Computers},
    year={2020}
}
@article{dilof-data-streams,
    title={DILOF: Effective and Memory Efficient Local Outlier Detection in Data Streams},
    author={Gyoung S. Na and Donghyun Kim and Hwanjo Yu},
    journal={ACM SIGKDD International Conference on Knoledge Discovery & Data Mining},
    year={2018}
}
@article{fast-memory-efficent-lof-milof,
    title={Fast Memory Efficient Local Outlier Detection in Data Streams},
    author={Mahsa Salehi and Christopher Leckie and James C. Bezdek and Tharshan Vaithianathan and Xuyun Zhang},
    journal={IEEE},
    year={2016}
}
@article{fast-anomaly-detection-streaming,
    title={Fast Anomaly Detection for Streaming Data},
    author={Swee Chuan Tan and Kai Ming Ting and Tony Fei Liu},
    journal={International Joint Conference on Artifical Intelligence },
    year={2011}
}
@article{designing-streaming-alg-for-outlier-detection,
    title={Designing a Streaming Algorithm for Outlier Detection in Data Mining—An Incremental Approach},
    author={Kangqing Yu and Wei Shi and Nicola Santoro},
    journal={MDPI Sensors },
    year={2020}
}
@article{anomaly-pattern-detection,
    title={Anomaly pattern detection for streaming data},
    author={Taegong Kim and Cheong Hee Park},
    journal={Expert Systems with Applications},
    year={2020}
}
@misc{gal2016dropout,
      title={Dropout as a Bayesian Approximation: Representing Model Uncertainty in Deep Learning}, 
      author={Yarin Gal and Zoubin Ghahramani},
      year={2016},
      eprint={1506.02142},
      archivePrefix={arXiv},
      primaryClass={stat.ML}
}
@misc{kdd1999,
      title={KDD Cup 1999 Data}, 
      author={{University of California, Irvine}},
      year={1999},
      howpublished = {\url{http://kdd.ics.uci.edu/databases/kddcup99/kddcup99.html}}
}
@misc{covertype-dataset,
      title={Covertype Data Set}, 
      author={{UCI Machine Learning Repository}},
      year={1998},
      howpublished = {\url{https://archive.ics.uci.edu/ml/datasets/covertype}}
}
@misc{shuttle-dataset,
      title={Statlog (Shuttle) Data Set}, 
      author={{UCI Machine Learning Repository}},
      howpublished = {\url{https://archive.ics.uci.edu/ml/datasets/Statlog+(Shuttle)}}
}
@misc{uci-pendigit-dataset,
      title={Pen-Based Recognition of Handwritten Digits Data Set}, 
      author={{UCI Machine Learning Repository}},
      year={1998},
      howpublished = {\url{https://archive.ics.uci.edu/ml/datasets/Pen-Based+Recognition\+of\+Handwritten\+Digits}}
}
@misc{uci-vowel-dataset,
      title={Japanese Vowels Data Set}, 
      author={{UCI Machine Learning Repository}},
      howpublished = {\url{https://archive.ics.uci.edu/ml/datasets/Japanese+Vowels}}
}
@online{uncertainity-towards-data-science,
  author = {Michel Kana},
  title = {Uncertainty in Deep Learning. How To Measure?},
  year = 2020,
  howpublished = {\url{https://towardsdatascience.com/my-deep-learning-model-says-sorry-i-dont-know-the-answer-that-s-absolutely-ok-50ffa562cb0b}},
  urldate = {2021-09-03}
}
@online{tennessee-eastman-medium,
  author = {Mrunal Sawant},
  title = {Tennessee Eastman Process Simulation Data for Anomaly Detection Evaluation},
  year = 2019,
  howpublished = {\url{https://medium.com/@mrunal68/tennessee-eastman-process-simulation-data-for-anomaly-detection-evaluation-d719dc133a7f}},
  urldate = {2021-03-10}
}
@online{fireman-homepage,
  author = {{Fireman Project EU}},
  title = {Fireman Homepage},
  year = 2021,
  howpublished = {\url{https://fireman-project.eu}},
  urldate = {2021-03-03}
}
@online{fireman-about,
  author = {{Fireman Project EU}},
  title = {About Fireman},
  year = 2021,
  howpublished = {\url{https://fireman-project.eu/about.html}},
  urldate = {2021-03-03}
}
@inproceedings{
    lai2021revisiting,
    title={Revisiting Time Series Outlier Detection: Definitions and Benchmarks},
    author={Kwei-Herng Lai and Daochen Zha and Junjie Xu and Yue Zhao and Guanchu Wang and Xia Hu},
    booktitle={Thirty-fifth Conference on Neural Information Processing Systems Datasets and Benchmarks Track (Round 1)},
    year={2021},
    url={https://openreview.net/forum?id=r8IvOsnHchr}
}
@misc{herzen2021darts,
      title={Darts: User-Friendly Modern Machine Learning for Time Series}, 
      author={Julien Herzen and Francesco Lässig and Samuele Giuliano Piazzetta and Thomas Neuer and Léo Tafti and Guillaume Raille and Tomas Van Pottelbergh and Marek Pasieka and Andrzej Skrodzki and Nicolas Huguenin and Maxime Dumonal and Jan Kościsz and Dennis Bader and Frédérick Gusset and Mounir Benheddi and Camila Williamson and Michal Kosinski and Matej Petrik and Gaël Grosch},
      year={2021},
      eprint={2110.03224},
      archivePrefix={arXiv},
      primaryClass={cs.LG}
}
@article{law2019stumpy,
  author  = {Law, Sean M.},
  title   = {{STUMPY: A Powerful and Scalable Python Library for Time Series Data Mining}},
  journal = {{The Journal of Open Source Software}},
  volume  = {4},
  number  = {39},
  pages   = {1504},
  year    = {2019}
}
@inproceedings{yeh2016matrix-profile-1,
    author = {Yeh, Chin-Chia Michael and Zhu, Yan and Ulanova, Liudmila and Begum, Nurjahan and Ding, Yifei and Dau, Anh and Silva, Diego and Mueen, Abdullah and Keogh, Eamonn},
    year = {2016},
    month = {12},
    pages = {1317-1322},
    title = {Matrix Profile I: All Pairs Similarity Joins for Time Series: A Unifying View That Includes Motifs, Discords and Shapelets},
    doi = {10.1109/ICDM.2016.0179}
}
@software{alibi-detect,
  title = {Alibi Detect: Algorithms for outlier, adversarial and drift detection},
  author = {Van Looveren, Arnaud and Vacanti, Giovanni and Klaise, Janis and Coca, Alexandru and Cobb, Oliver},
  url = {https://github.com/SeldonIO/alibi-detect},
  version = {0.7.3},
  date = {2021-10-29},
  year = {2019}
}
 @article{medico2020-ts-list, 
          title={rob-med/awesome-TS-anomaly-detection}, 
          DOI={10.5281/zenodo.3972944}, 
          abstractNote={A collection of tools and datasets for anomaly detection on time-series data.}, 
          publisher={Zenodo}, author={Roberto Medico}, year={2020}, month={Aug}}
@INPROCEEDINGS{Zhu2017-time-series-chains,
  author={Zhu, Yan and Imamura, Makoto and Nikovski, Daniel and Keogh, Eamonn},
  booktitle={2017 IEEE International Conference on Data Mining (ICDM)}, 
  title={Matrix Profile VII: Time Series Chains: A New Primitive for Time Series Data Mining (Best Student Paper Award)}, 
  year={2017},
  volume={},
  number={},
  pages={695-704},
  doi={10.1109/ICDM.2017.79}}
  
@INPROCEEDINGS{2017-fluss-floss,  author={Gharghabi, Shaghayegh and Ding, Yifei and Yeh, Chin-Chia Michael and Kamgar, Kaveh and Ulanova, Liudmila and Keogh, Eamonn},  booktitle={2017 IEEE International Conference on Data Mining (ICDM)},   title={Matrix Profile VIII: Domain Agnostic Online Semantic Segmentation at Superhuman Performance Levels},   year={2017},  volume={},  number={},  pages={117-126},  doi={10.1109/ICDM.2017.21}}  
@article{Lai_2021_TODS, 
	title={TODS: An Automated Time Series Outlier Detection System}, 
	volume={35}, 
	number={18}, 
	journal={Proceedings of the AAAI Conference on Artificial Intelligence}, 
	author={Lai, Kwei-Herng and Zha, Daochen and Wang, Guanchu and Xu, Junjie and Zhao, Yue and Kumar, Devesh and Chen, Yile and Zumkhawaka, Purav and Wan, Minyang and Martinez, Diego and Hu, Xia}, 
	year={2021}, month={May}, 
	pages={16060-16062} 
}
@article{senin2018grammarviz-saxpy,
 author = {Senin, Pavel and Lin, Jessica and Wang, Xing and Oates, Tim and Gandhi, Sunil and Boedihardjo, Arnold P. and Chen, Crystal and Frankenstein, Susan},
 title = {GrammarViz 3.0: Interactive Discovery of Variable-Length Time Series Patterns},
 journal = {ACM Trans. Knowl. Discov. Data},
 issue_date = {February 2018},
 volume = {12},
 number = {1},
 month = feb,
 year = {2018},
 issn = {1556-4681},
 pages = {10:1--10:28},
 articleno = {10},
 numpages = {28},
 url = {http://doi.acm.org/10.1145/3051126},
 doi = {10.1145/3051126},
 acmid = {3051126},
 publisher = {ACM},
 address = {New York, NY, USA},
 keywords = {Interactive data mining},
}
@article{pysad,
  title={PySAD: A Streaming Anomaly Detection Framework in Python},
  author={Yilmaz, Selim F and Kozat, Suleyman S},
  journal={arXiv preprint arXiv:2009.02572},
  year={2020}
}
@article{zhao2019pyod,
  author  = {Zhao, Yue and Nasrullah, Zain and Li, Zheng},
  title   = {PyOD: A Python Toolbox for Scalable Outlier Detection},
  journal = {Journal of Machine Learning Research},
  year    = {2019},
  volume  = {20},
  number  = {96},
  pages   = {1-7},
  url     = {http://jmlr.org/papers/v20/19-011.html}
}
@misc{2020river,
      title={River: machine learning for streaming data in Python},
      author={Jacob Montiel and Max Halford and Saulo Martiello Mastelini
              and Geoffrey Bolmier and Raphael Sourty and Robin Vaysse
              and Adil Zouitine and Heitor Murilo Gomes and Jesse Read
              and Talel Abdessalem and Albert Bifet},
      year={2020},
      eprint={2012.04740},
      archivePrefix={arXiv},
      primaryClass={cs.LG}
}

@software{banpei,
  title = {Banpei},
  author = {Hirofumi Tsuruta and Gabriel Feng},
  url = {https://github.com/tsurubee/banpei},
  version = {0.1.2},
  date = {2021-11-7},
  year = {2021}
}
@software{tsod,
  title = {tsod: Anomaly Detection for time series data},
  author = {Henrik Andersson and Jesper Sandvig Mariegaard and Anne Katrine Falk},
  url = {https://github.com/DHI/tsod},
  version = {0.1.3},
  date = {2021-11-7},
  year = {2021}
}
@misc{chakraborty2020building-luminaire,
      title={Building an Automated and Self-Aware Anomaly Detection System}, 
      author={Sayan Chakraborty and Smit Shah and Kiumars Soltani and Anna Swigart and Luyao Yang and Kyle Buckingham},
      year={2020},
      eprint={2011.05047},
      archivePrefix={arXiv},
      primaryClass={cs.LG}
}
@article{bhatnagar2021merlion,
      title={Merlion: A Machine Learning Library for Time Series},
      author={Aadyot Bhatnagar and Paul Kassianik and Chenghao Liu and Tian Lan and Wenzhuo Yang
              and Rowan Cassius and Doyen Sahoo and Devansh Arpit and Sri Subramanian and Gerald Woo
              and Amrita Saha and Arun Kumar Jagota and Gokulakrishnan Gopalakrishnan and Manpreet Singh
              and K C Krithika and Sukumar Maddineni and Daeki Cho and Bo Zong and Yingbo Zhou
              and Caiming Xiong and Silvio Savarese and Steven Hoi and Huan Wang},
      year={2021},
      eprint={2109.09265},
      archivePrefix={arXiv},
      primaryClass={cs.LG}
}
@misc{RiverGithub2022,
  author = {Alex Beattie},
  title = {Adding Local Outlier Factor (LOF) algorithms},
  year = {2021},
  publisher = {GitHub},
  journal = {GitHub Discussion},
  howpublished = {\url{https://github.com/online-ml/river/discussions/706}},
}
@article{beth-dataset,
      title={BETH Dataset: Real Cybersecurity Data for Anomaly Detection Research},
      author={Kate Highnam and Kai Arulkumaran and Zachary Hanif and Nicholas R. Jennings},
      year={2021},
      journal = {ICML Workshop on Uncertainty and Robustness in Deep Learning},
}
@misc{Bispham-email:private,
  author        = "Matti Bispham",
  howpublished  = "private communication",
  year          = "2021"
}
@misc{Highnam-email:private,
  author        = "Kate Highnam",
  howpublished  = "private communication",
  year          = "2021"
}
@misc{BeattieGithub2022,
  author = {Alex Beattie},
  title = {Master's Thesis},
  year = {2022},
  publisher = {GitHub},
  journal = {GitHub Repository},
  howpublished = {\url{https://github.com/alexbeattie42/masters-thesis}},
}