@online{kdd1999,
      title={KDD Cup 1999 Data}, 
      author={{University of California, Irvine}},
      year={1999},
      url = "http://kdd.ics.uci.edu/databases/kddcup99/kddcup99.html"
}
@online{covertype-dataset,
      title={Covertype Data Set}, 
      author={{UCI Machine Learning Repository}},
      year={1998},
      url = "https://archive.ics.uci.edu/ml/datasets/covertype"
}
@online{shuttle-dataset,
      title={Statlog (Shuttle) Data Set}, 
      author={{UCI Machine Learning Repository}},
      url = "https://archive.ics.uci.edu/ml/datasets/Statlog+(Shuttle)"
}
@online{uci-pendigit-dataset,
      title={Pen-Based Recognition of Handwritten Digits Data Set}, 
      author={{UCI Machine Learning Repository}},
      year={1998},
      url = "https://archive.ics.uci.edu/ml/datasets/Pen-Based+Recognition+of+Handwritten+Digits"
}
@online{uci-vowel-dataset,
      title={Japanese Vowels Data Set}, 
      author={{UCI Machine Learning Repository}},
      url = "https://archive.ics.uci.edu/ml/datasets/Japanese+Vowels"
}
@unpublished{beth-dataset,
author = {Highnam, K and Arulkumaran, K and Hanif, Z and Jennings, N},
publisher = {Gatsby Computational Neuroscience Unit},
title = {BETH dataset: real cybersecurity data for anomaly detection research},
url = {http://www.gatsby.ucl.ac.uk/~balaji/udl2021/accepted-papers/UDL2021-paper-033.pdf},
year = {2021}
}
