@article{wp3.1,
    title={Report on Physical Process Data Modeling},
    author={Daniel Gutiérrez Rojas and Pedro Nardelli and Charalampos Kalalas and Constantinos Papadias},
    journal={Framework for the Identification of Rare Events via MAchine learning and IoT Networks
    },
    url = "https://fireman-project.eu/attachments/article/18/FIREMAN_Deliverable_D3_1%20(5).pdf",
    year={2020}
}
@article{wp3.2,
    title={Design and Functional Architecture for Data Acquisition},
    author={Daniel Gutiérrez Rojas and Pedro Nardelli and Charalampos Kalalas and Ioannis Christou and Constantinos Papadias},
    journal={Framework for the Identification of Rare Events via MAchine learning and IoT Networks
    },
    url = "https://fireman-project.eu/attachments/article/18/FIREMAN_Deliverable_D3_2%20(4).pdf",
    year={2020}
}
@article{wp4.1,
    title={Initial Results on Heterogeneous Big Data Aggregation},
    author={Jean Michel de Souza Sant'Ana and Nelson Mayedo Rodriguez and Eslam Eldeeb and Hirley Alves and Mehar Ullah and Pedro Juliano Nardelli and Charalampos Kalalas and Merim Dzaferagic},
    journal={Framework for the Identification of Rare Events via MAchine learning and IoT Networks
    },
    url = "https://fireman-project.eu/attachments/article/23/FIREMAN_Deliverable_D4_1%20(1).pdf",
    year={2020}
}
@article{wp5.1,
    title={Initial Results on Detection and Predicition Techniques},
    author={Ioannis T. Christou and Daniel Gutierrez-Rojas and Pedro Nardelli and Pavol Mulinka and Merim Dzaferagic and Irene Macaluso},
    journal={Framework for the Identification of Rare Events via MAchine learning and IoT Networks
    },
    url = "https://fireman-project.eu/attachments/article/24/FIREMAN_Deliverable_D5_1__Copy_.pdf",
    year={2020}
}
@online{fireman-homepage,
  author = {{Fireman Project EU}},
  title = {Fireman Homepage},
  year = 2021,
  url = "https://fireman-project.eu",
  urldate = {2021-03-03}
}