
@online{uncertainity-towards-data-science,
  author = {Michel Kana},
  title = {Uncertainty in Deep Learning. How To Measure?},
  year = 2020,
  url = "https://towardsdatascience.com/my-deep-learning-model-says-sorry-i-dont-know-the-answer-that-s-absolutely-ok-50ffa562cb0b",
  urldate = {2021-09-03}
}
@online{tennessee-eastman-medium,
  author = {Mrunal Sawant},
  title = {Tennessee Eastman Process Simulation Data for Anomaly Detection Evaluation},
  year = 2019,
  url = "https://medium.com/@mrunal68/tennessee-eastman-process-simulation-data-for-anomaly-detection-evaluation-d719dc133a7f",
  urldate = {2021-03-10}
}

@online{matrix-profile-intro,
  author = {Tyler Marrs},
  title = {Introduction to Matrix Profiles},
  year = 2019,
  url = "https://towardsdatascience.com/introduction-to-matrix-profiles-5568f3375d90",
  urldate = {2022-03-04}
}
@inproceedings{
    lai2021revisiting,
    title={Revisiting Time Series Outlier Detection: Definitions and Benchmarks},
    author={Kwei-Herng Lai and Daochen Zha and Junjie Xu and Yue Zhao and Guanchu Wang and Xia Hu},
    booktitle={Thirty-fifth Conference on Neural Information Processing Systems Datasets and Benchmarks Track (Round 1)},
    year={2021},
    url = "https://openreview.net/forum?id=r8IvOsnHchr"
}
@online{herzen2021darts,
      title={Darts: User-Friendly Modern Machine Learning for Time Series}, 
      author={Julien Herzen and Francesco Lässig and Samuele Giuliano Piazzetta and Thomas Neuer and Léo Tafti and Guillaume Raille and Tomas Van Pottelbergh and Marek Pasieka and Andrzej Skrodzki and Nicolas Huguenin and Maxime Dumonal and Jan Kościsz and Dennis Bader and Frédérick Gusset and Mounir Benheddi and Camila Williamson and Michal Kosinski and Matej Petrik and Gaël Grosch},
      year={2021},
      eprint={2110.03224},
      archivePrefix={arXiv},
      primaryClass={cs.LG}
}
@article{law2019stumpy,
  author  = {Law, Sean M.},
  title   = {{STUMPY: A Powerful and Scalable Python Library for Time Series Data Mining}},
  journal = {{The Journal of Open Source Software}},
  volume  = {4},
  number  = {39},
  pages   = {1504},
  year    = {2019}
}
@inproceedings{yeh2016matrix-profile-1,
    author = {Yeh, Chin-Chia Michael and Zhu, Yan and Ulanova, Liudmila and Begum, Nurjahan and Ding, Yifei and Dau, Anh and Silva, Diego and Mueen, Abdullah and Keogh, Eamonn},
    year = {2016},
    month = {12},
    pages = {1317-1322},
    title = {Matrix Profile I: All Pairs Similarity Joins for Time Series: A Unifying View That Includes Motifs, Discords and Shapelets},
    doi = {10.1109/ICDM.2016.0179}
}
@software{alibi-detect,
  title = {Alibi Detect: Algorithms for outlier, adversarial and drift detection},
  author = {Van Looveren, Arnaud and Vacanti, Giovanni and Klaise, Janis and Coca, Alexandru and Cobb, Oliver},
  url = "https://github.com/SeldonIO/alibi-detect",
  version = {0.7.3},
  urldate = {2021-10-29},
  year = {2019}
}
 @article{medico2020-ts-list, 
          title={rob-med/awesome-TS-anomaly-detection}, 
          DOI={10.5281/zenodo.3972944}, 
          abstractNote={A collection of tools and datasets for anomaly detection on time-series data.}, 
          publisher={Zenodo}, author={Roberto Medico}, year={2020}, month={08}}
          
@INPROCEEDINGS{Zhu2017-time-series-chains,
  author={Zhu, Yan and Imamura, Makoto and Nikovski, Daniel and Keogh, Eamonn},
  booktitle={2017 IEEE International Conference on Data Mining (ICDM)}, 
  title={Matrix Profile VII: Time Series Chains: A New Primitive for Time Series Data Mining (Best Student Paper Award)}, 
  year={2017},
  volume={},
  number={},
  pages={695-704},
  doi={10.1109/ICDM.2017.79}}
  
@INPROCEEDINGS{2017-fluss-floss,  author={Gharghabi, Shaghayegh and Ding, Yifei and Yeh, Chin-Chia Michael and Kamgar, Kaveh and Ulanova, Liudmila and Keogh, Eamonn},  booktitle={2017 IEEE International Conference on Data Mining (ICDM)},   title={Matrix Profile VIII: Domain Agnostic Online Semantic Segmentation at Superhuman Performance Levels},   year={2017},  volume={},  number={},  pages={117-126},  doi={10.1109/ICDM.2017.21}}  
@article{Lai_2021_TODS, 
	title={TODS: An Automated Time Series Outlier Detection System}, 
	volume={35}, 
	number={18}, 
	journal={Proceedings of the AAAI Conference on Artificial Intelligence}, 
	author={Lai, Kwei-Herng and Zha, Daochen and Wang, Guanchu and Xu, Junjie and Zhao, Yue and Kumar, Devesh and Chen, Yile and Zumkhawaka, Purav and Wan, Minyang and Martinez, Diego and Hu, Xia}, 
	year={2021}, month={05}, 
	pages={16060-16062} 
}
@article{senin2018grammarviz-saxpy,
 author = {Senin, Pavel and Lin, Jessica and Wang, Xing and Oates, Tim and Gandhi, Sunil and Boedihardjo, Arnold P. and Chen, Crystal and Frankenstein, Susan},
 title = {GrammarViz 3.0: Interactive Discovery of Variable-Length Time Series Patterns},
 journal = {ACM Trans. Knowl. Discov. Data},
 issue_date = {February 2018},
 volume = {12},
 number = {1},
 month = feb,
 year = {2018},
 issn = {1556-4681},
 pages = {10:1--10:28},
 articleno = {10},
 numpages = {28},
 url = "http://doi.acm.org/10.1145/3051126",
 doi = {10.1145/3051126},
 acmid = {3051126},
 publisher = {ACM},
 address = {New York, NY, USA},
 keywords = {Interactive data mining},
}
@article{pysad,
  author    = {Selim Firat Yilmaz and
               Suleyman Serdar Kozat},
  title     = {PySAD: {A} Streaming Anomaly Detection Framework in Python},
  journal   = {CoRR},
  volume    = {abs/2009.02572},
  year      = {2020},
  url       = {https://arxiv.org/abs/2009.02572},
  eprinttype = {arXiv},
  eprint    = {2009.02572},
  timestamp = {Fri, 22 Oct 2021 09:07:08 +0200},
  biburl    = {https://dblp.org/rec/journals/corr/abs-2009-02572.bib},
  bibsource = {dblp computer science bibliography, https://dblp.org}
}
@article{zhao2019pyod,
  author  = {Zhao, Yue and Nasrullah, Zain and Li, Zheng},
  title   = {PyOD: A Python Toolbox for Scalable Outlier Detection},
  journal = {Journal of Machine Learning Research},
  year    = {2019},
  volume  = {20},
  number  = {96},
  pages   = {1-7},
  url     = "http://jmlr.org/papers/v20/19-011.html"
}
@online{2020river,
      title={River: machine learning for streaming data in Python},
      author={Jacob Montiel and Max Halford and Saulo Martiello Mastelini
              and Geoffrey Bolmier and Raphael Sourty and Robin Vaysse
              and Adil Zouitine and Heitor Murilo Gomes and Jesse Read
              and Talel Abdessalem and Albert Bifet},
      year={2020},
      eprint={2012.04740},
      archivePrefix={arXiv},
      primaryClass={cs.LG}
}

@software{banpei,
  title = {Banpei},
  author = {Hirofumi Tsuruta and Gabriel Feng},
  url = "https://github.com/tsurubee/banpei",
  version = {0.1.2},
  date = {2021-11-07},
  year = {2021}
}
@software{tsod,
  title = {tsod: Anomaly Detection for time series data},
  author = {Henrik Andersson and Jesper Sandvig Mariegaard and Anne Katrine Falk},
  url = "https://github.com/DHI/tsod",
  version = {0.1.3},
  urldate = {2021-11-07},
  year = {2021}
}

@article{chakraborty2020building-luminaire,
  author    = {Sayan Chakraborty and
               Smit Shah and
               Kiumars Soltani and
               Anna Swigart and
               Luyao Yang and
               Kyle Buckingham},
  title     = {Building an Automated and Self-Aware Anomaly Detection System},
  journal   = {CoRR},
  volume    = {abs/2011.05047},
  year      = {2020},
  url       = {https://arxiv.org/abs/2011.05047},
  eprinttype = {arXiv},
  eprint    = {2011.05047},
  timestamp = {Thu, 14 Oct 2021 09:16:45 +0200},
  biburl    = {https://dblp.org/rec/journals/corr/abs-2011-05047.bib},
  bibsource = {dblp computer science bibliography, https://dblp.org}
}


@article{bhatnagar2021merlion,
      title={Merlion: A Machine Learning Library for Time Series},
      author={Aadyot Bhatnagar and Paul Kassianik and Chenghao Liu and Tian Lan and Wenzhuo Yang
              and Rowan Cassius and Doyen Sahoo and Devansh Arpit and Sri Subramanian and Gerald Woo
              and Amrita Saha and Arun Kumar Jagota and Gokulakrishnan Gopalakrishnan and Manpreet Singh
              and K C Krithika and Sukumar Maddineni and Daeki Cho and Bo Zong and Yingbo Zhou
              and Caiming Xiong and Silvio Savarese and Steven Hoi and Huan Wang},
      year={2021},
      eprint={2109.09265},
      archivePrefix={arXiv},
      primaryClass={cs.LG}
}
@online{RiverGithub2022,
  author = {Alex Beattie},
  title = {Adding Local Outlier Factor (LOF) algorithms},
  year = {2021},
  publisher = {GitHub},
  journal = {GitHub Discussion},
  url = "https://github.com/online-ml/river/discussions/706",
}